name,ttm,09/30/2020,06/30/2020,03/31/2020,12/31/2019,09/30/2019,06/30/2019,03/31/2019,12/31/2018,09/30/2018,06/30/2018,03/31/2018,12/31/2017,09/30/2017,06/30/2017,03/31/2017,12/31/2016,09/30/2016,06/30/2016,03/31/2016,12/31/2015,09/30/2015,06/30/2015,03/31/2015,12/31/2014,09/30/2014,06/30/2014,03/31/2014,12/31/2013,09/30/2013,06/30/2013,03/31/2013,12/31/2012,09/30/2012,06/30/2012,03/31/2012,12/31/2011,09/30/2011,06/30/2011,03/31/2011,12/31/2010,09/30/2010,06/30/2010,03/31/2010,12/31/2009,09/30/2009,06/30/2009,03/31/2009,12/31/2008,09/30/2008,06/30/2008,03/31/2008,12/31/2007,09/30/2007,06/30/2007,03/31/2007,12/31/2006,09/30/2006,06/30/2006,03/31/2006,12/31/2005,09/30/2005,06/30/2005,03/31/2005,12/31/2004,09/30/2004,06/30/2004,03/31/2004,12/31/2003,09/30/2003,06/30/2003,03/31/2003,12/31/2002,09/30/2002,06/30/2002,03/31/2002,12/31/2001,09/30/2001,06/30/2001,03/31/2001,12/31/2000,09/30/2000,06/30/2000,03/31/2000,12/31/1999,09/30/1999,06/30/1999,03/31/1999,12/31/1998,09/30/1998,06/30/1998,03/31/1998,12/31/1997,09/30/1997,06/30/1997,03/31/1997,12/31/1996,09/30/1996,06/30/1996,03/31/1996
TotalRevenue,"347,945,000,000","96,145,000,000","88,912,000,000","75,452,000,000","87,436,000,000","69,981,000,000","63,404,000,000","59,700,000,000","72,383,000,000","56,576,000,000","52,886,000,000","51,042,000,000","60,453,000,000","43,744,000,000","37,955,000,000","35,714,000,000","43,741,000,000","32,714,000,000","30,404,000,000","29,128,000,000","35,747,000,000","25,358,000,000","23,185,000,000","22,717,000,000","29,329,000,000","20,579,000,000","19,340,000,000","19,741,000,000","25,587,000,000","17,092,000,000","15,704,000,000","16,070,000,000","21,268,000,000","13,806,000,000","12,834,000,000","13,185,000,000","17,431,000,000","10,876,000,000","9,913,000,000","9,857,000,000","12,947,000,000","7,560,000,000","6,566,000,000","7,131,000,000","9,520,000,000","5,449,000,000","4,651,000,000","4,889,000,000","6,703,000,000","4,264,000,000","4,063,000,000","4,135,000,000","5,672,000,000","3,262,000,000","2,886,000,000","3,015,000,000","3,986,000,000","2,307,000,000","2,139,000,000","2,279,000,000","2,977,000,000","1,858,000,000","1,753,000,000","1,902,000,000","2,540,959,000","1,462,475,000","1,387,341,000","1,530,349,000","1,945,772,000","1,134,456,000","1,099,912,000","1,083,559,000","1,428,610,000","851,299,000","805,605,000","847,422,000","1,115,171,000","639,281,000","667,625,000","700,356,000","972,360,000","637,858,000","577,876,000","573,889,000","676,042,000","355,777,000","314,377,000","293,643,000","252,893,000","153,698,000","115,977,000","87,375,000","66,100,000","37,900,000","27,900,000","16,000,000","8,400,000","4,200,000","2,200,000","900,000"
	OperatingRevenue,"347,945,000,000","96,145,000,000","88,912,000,000","75,452,000,000","87,436,000,000","69,981,000,000","63,404,000,000","59,700,000,000","72,383,000,000","56,576,000,000","52,886,000,000","51,042,000,000","60,453,000,000","43,744,000,000","37,955,000,000","35,714,000,000","43,741,000,000","32,714,000,000","30,404,000,000","29,128,000,000","35,747,000,000","25,358,000,000","23,185,000,000","22,717,000,000","29,329,000,000","20,579,000,000","19,340,000,000","19,741,000,000","25,587,000,000","17,092,000,000","15,704,000,000","16,070,000,000","21,268,000,000","13,806,000,000","12,834,000,000","13,185,000,000","17,431,000,000","10,876,000,000","9,913,000,000","9,857,000,000","12,947,000,000","7,560,000,000","6,566,000,000","7,131,000,000","9,520,000,000","5,449,000,000","4,651,000,000","4,889,000,000","6,703,000,000","4,264,000,000","4,063,000,000","4,135,000,000","5,672,000,000","3,262,000,000","2,886,000,000","3,015,000,000","3,986,000,000","2,307,000,000","2,139,000,000","2,279,000,000","2,977,000,000","1,858,000,000","1,753,000,000","1,902,000,000","2,540,959,000","1,462,475,000","1,387,341,000","1,530,349,000","1,945,772,000","1,134,456,000","1,099,912,000","1,083,559,000","1,428,610,000","851,299,000","805,605,000","847,422,000","1,115,171,000","639,281,000","667,625,000","700,356,000","972,360,000","637,858,000","577,876,000","573,889,000","676,042,000","355,777,000","314,377,000","293,643,000","252,893,000","153,698,000","115,977,000","87,375,000","66,100,000","37,900,000","27,900,000","16,000,000","8,400,000","4,200,000","2,200,000","900,000"
CostOfRevenue,"260,235,000,000","71,811,000,000","66,466,000,000","55,788,000,000","66,169,000,000","51,469,000,000","45,608,000,000","42,521,000,000","54,814,000,000","41,278,000,000","38,564,000,000","38,527,000,000","47,469,000,000","33,969,000,000","28,609,000,000","27,137,000,000","34,678,000,000","25,595,000,000","23,058,000,000","22,553,000,000","28,886,000,000","19,985,000,000","18,036,000,000","18,154,000,000","24,096,000,000","17,270,000,000","15,781,000,000","16,372,000,000","21,724,000,000","14,400,000,000","13,046,000,000","13,597,000,000","22,556,000,000","10,319,000,000","9,488,000,000","10,027,000,000","13,831,000,000","8,325,000,000","7,525,000,000","7,608,000,000","10,317,000,000","5,786,000,000","4,957,000,000","5,501,000,000","7,543,000,000","4,176,000,000","3,518,000,000","3,741,000,000","5,355,000,000","3,265,000,000","3,096,000,000","3,179,000,000","4,502,000,000","2,500,000,000","2,185,000,000","2,296,000,000","3,136,000,000","1,758,000,000","1,630,000,000","1,735,000,000","2,310,000,000","1,395,000,000","1,303,000,000","1,444,000,000","1,996,493,000","1,106,824,000","1,046,295,000","1,169,515,000","1,518,935,000","848,635,000","825,984,000","812,977,000","1,093,451,000","635,132,000","587,438,000","624,297,000","841,122,000","477,089,000","487,905,000","517,759,000","748,060,000","470,579,000","441,812,000","445,755,000","588,196,000","285,300,000","246,846,000","228,852,000","199,476,000","118,823,000","89,786,000","68,054,000","51,400,000","29,300,000","21,700,000","11,800,000",,,,
GrossProfit,"87,710,000,000","24,334,000,000","22,446,000,000","19,664,000,000","21,267,000,000","18,512,000,000","17,796,000,000","17,179,000,000","17,569,000,000","15,298,000,000","14,322,000,000","12,515,000,000","12,984,000,000","9,775,000,000","9,346,000,000","8,577,000,000","9,063,000,000","7,119,000,000","7,346,000,000","6,575,000,000","6,861,000,000","5,373,000,000","5,149,000,000","4,563,000,000","5,233,000,000","3,309,000,000","3,559,000,000","3,369,000,000","3,863,000,000","2,692,000,000","2,658,000,000","2,473,000,000","-1,288,000,000","3,487,000,000","3,346,000,000","3,158,000,000","3,600,000,000","2,551,000,000","2,388,000,000","2,249,000,000","2,630,000,000","1,774,000,000","1,609,000,000","1,630,000,000","1,977,000,000","1,273,000,000","1,133,000,000","1,148,000,000","1,348,000,000","999,000,000","967,000,000","956,000,000","1,170,000,000","762,000,000","701,000,000","719,000,000","850,000,000","549,000,000","509,000,000","544,000,000","667,000,000","463,000,000","450,000,000","458,000,000","544,466,000","355,651,000","341,046,000","360,834,000","426,837,000","285,821,000","273,928,000","270,582,000","335,159,000","216,167,000","218,167,000","223,125,000","274,049,000","162,192,000","179,720,000","182,597,000","224,300,000","167,279,000","136,064,000","128,134,000","87,846,000","70,477,000","67,531,000","64,791,000","53,417,000","34,875,000","26,191,000","19,321,000","14,700,000","8,600,000","6,200,000","4,200,000",,,,
OperatingExpense,"67,805,000,000","18,140,000,000","16,603,000,000","15,675,000,000","17,388,000,000","15,355,000,000","14,712,000,000","12,759,000,000","13,783,000,000","11,574,000,000","11,339,000,000","10,588,000,000","10,857,000,000","9,428,000,000","8,718,000,000","7,572,000,000","7,808,000,000","6,544,000,000","6,061,000,000","5,504,000,000","5,752,000,000","4,967,000,000","4,685,000,000","4,308,000,000","4,643,000,000","3,853,000,000","3,574,000,000","3,223,000,000","3,353,000,000","2,717,000,000","2,579,000,000","2,292,000,000","-1,693,000,000","3,515,000,000","3,239,000,000","2,920,000,000","3,298,000,000","2,435,000,000","2,146,000,000","1,894,000,000","2,127,000,000","1,480,000,000","1,314,000,000","1,236,000,000","1,399,000,000","1,022,000,000","974,000,000","904,000,000","1,099,000,000","845,000,000","750,000,000","758,000,000","890,000,000","639,000,000","585,000,000","574,000,000","643,000,000","509,000,000","462,000,000","441,000,000","502,000,000","408,000,000","346,000,000","350,000,000","382,024,000","274,377,000","254,772,000","250,399,000","289,081,000","233,890,000","232,105,000","231,357,000","269,794,000","189,055,000","216,695,000","211,377,000","254,843,000","228,532,000","260,910,000","399,205,000","562,655,000","319,003,000","313,992,000","324,007,000","491,937,000","161,464,000","139,452,000","95,386,000","121,411,000","55,869,000","43,187,000","28,195,000","24,400,000","17,800,000","13,200,000","7,400,000",,,,
	SellingGeneralAndAdministration,"26,888,000,000","7,102,000,000","5,925,000,000","6,280,000,000","7,583,000,000","6,100,000,000","5,561,000,000","4,837,000,000","6,029,000,000","4,344,000,000","4,012,000,000","3,766,000,000","4,484,000,000","3,439,000,000","3,103,000,000","2,715,000,000","3,230,000,000","2,377,000,000","2,126,000,000","1,933,000,000","2,148,000,000","1,727,000,000","1,617,000,000","1,510,000,000","1,968,000,000","1,399,000,000","1,320,000,000","1,197,000,000","1,451,000,000","972,000,000","961,000,000","878,000,000","-3,076,000,000","2,280,000,000","2,125,000,000","1,975,000,000","2,436,000,000","1,666,000,000","1,448,000,000","1,315,000,000","1,609,000,000","1,038,000,000","906,000,000","1,210,000,000","239,000,000","1,013,000,000","914,000,000","893,000,000","789,000,000","574,000,000","537,000,000","524,000,000","668,000,000","430,000,000","384,000,000","388,000,000","466,000,000","337,000,000","295,000,000","292,000,000","94,000,000","368,000,000","238,000,000","257,000,000","317,167,000","209,554,000","196,297,000","195,323,000","237,129,000","179,329,000","179,057,000","180,357,000","219,833,000","134,936,000","157,156,000","153,901,000","164,981,000","132,851,000","145,370,000","163,830,000","213,343,000","168,650,000","166,447,000","179,808,000","219,819,000","116,856,000","105,164,000","71,909,000","53,958,000","42,495,000","29,714,000","21,466,000","18,200,000","12,800,000","9,500,000","5,100,000",,,,
		GeneralAndAdministrativeExpense,"6,112,000,000","1,668,000,000","1,580,000,000","1,452,000,000","1,412,000,000","1,348,000,000","1,270,000,000","1,173,000,000","1,117,000,000","1,041,000,000","1,111,000,000","1,067,000,000","1,044,000,000","960,000,000","874,000,000","795,000,000","717,000,000","639,000,000","580,000,000","497,000,000","390,000,000","463,000,000","467,000,000","427,000,000","442,000,000","406,000,000","377,000,000","327,000,000","319,000,000","278,000,000","286,000,000","246,000,000","-3,927,000,000","1,740,000,000","1,588,000,000","1,495,000,000","1,843,000,000","1,296,000,000","1,107,000,000","988,000,000","1,233,000,000","797,000,000","695,000,000","1,009,000,000","-35,000,000","864,000,000","785,000,000","765,000,000",,,,,,,,,,,,,,,,,,,,,,,,,"448,162,000","17,866,000","42,573,000",,"21,512,000","18,914,000","25,129,000","28,944,000","27,120,000","30,308,000","36,634,000","39,697,000","39,891,000","30,301,000","19,215,000","11,165,000","5,457,000","4,978,000","3,262,000","1,963,000",,,,,,,,
			OtherGandA,"6,112,000,000","1,668,000,000","1,580,000,000","1,452,000,000","1,412,000,000","1,348,000,000","1,270,000,000","1,173,000,000","1,117,000,000","1,041,000,000","1,111,000,000","1,067,000,000","1,044,000,000","960,000,000","874,000,000","795,000,000","717,000,000","639,000,000","580,000,000","497,000,000","390,000,000","463,000,000","467,000,000","427,000,000","442,000,000","406,000,000","377,000,000","327,000,000","319,000,000","278,000,000","286,000,000","246,000,000","-3,927,000,000","1,740,000,000","1,588,000,000","1,495,000,000","1,843,000,000","1,296,000,000","1,107,000,000","988,000,000","1,233,000,000","797,000,000","695,000,000","1,009,000,000","-35,000,000","864,000,000","785,000,000","765,000,000",,,,,,,,,,,,,,,,,,,,,,,,,"448,162,000","17,866,000","42,573,000",,"21,512,000","18,914,000","25,129,000","28,944,000","27,120,000","30,308,000","36,634,000","39,697,000","39,891,000","30,301,000","19,215,000","11,165,000","5,457,000","4,978,000","3,262,000","1,963,000",,,,,,,,
		SellingAndMarketingExpense,"20,776,000,000","5,434,000,000","4,345,000,000","4,828,000,000","6,171,000,000","4,752,000,000","4,291,000,000","3,664,000,000","4,912,000,000","3,303,000,000","2,901,000,000","2,699,000,000","3,440,000,000","2,479,000,000","2,229,000,000","1,920,000,000","2,513,000,000","1,738,000,000","1,546,000,000","1,436,000,000","1,758,000,000","1,264,000,000","1,150,000,000","1,083,000,000","1,526,000,000","993,000,000","943,000,000","870,000,000","1,132,000,000","694,000,000","675,000,000","632,000,000","851,000,000","540,000,000","537,000,000","480,000,000","593,000,000","370,000,000","341,000,000","327,000,000","376,000,000","241,000,000","211,000,000","201,000,000","274,000,000","149,000,000","129,000,000","128,000,000",,,,,,,,,,,,,,,,,,,,,,,,,"-228,329,000","117,070,000","114,583,000",,"143,469,000","113,937,000","120,241,000","134,886,000","186,223,000","138,342,000","129,813,000","140,111,000","179,928,000","86,555,000","85,949,000","60,744,000","48,501,000","37,517,000","26,452,000","19,503,000",,,,,,,,
	ResearchAndDevelopment,"40,431,000,000","10,976,000,000","10,388,000,000","9,325,000,000","9,740,000,000","9,200,000,000","9,065,000,000","7,927,000,000","7,669,000,000","7,162,000,000","7,247,000,000","6,759,000,000","6,314,000,000","5,944,000,000","5,549,000,000","4,813,000,000","4,544,000,000","4,135,000,000","3,880,000,000","3,526,000,000","3,569,000,000","3,197,000,000","3,020,000,000","2,754,000,000","2,636,000,000","2,423,000,000","2,226,000,000","1,991,000,000","1,862,000,000","1,734,000,000","1,586,000,000","1,383,000,000","1,345,000,000","1,192,000,000","1,082,000,000","945,000,000","862,000,000","769,000,000","698,000,000","579,000,000","518,000,000","442,000,000","408,000,000",,,,,,"278,000,000","264,000,000","258,000,000","234,000,000","222,000,000","209,000,000","201,000,000","186,000,000","177,000,000","172,000,000","167,000,000","146,000,000",,,"106,000,000","92,000,000","72,821,000","64,823,000","58,475,000","55,076,000","51,811,000","53,775,000","52,135,000","50,088,000","49,048,000","52,907,000","58,165,000","55,497,000","52,325,000","53,846,000","64,710,000","70,284,000","69,791,000","71,159,000","67,132,000","61,244,000","57,424,000","44,608,000","34,288,000","23,477,000","17,281,000","13,374,000","8,060,000","6,729,000","4,500,000","3,600,000","2,800,000","1,600,000",,,,
	DepreciationAmortizationDepletionIncomeStatement,,,,,,,,,,,,,,,,,,,,,,,,,,,,,,,,,,,,,,,,,,,,,,,,,,,,,,,,,,,,,,,,,,,,,"141,000","786,000","913,000","912,000","913,000","1,212,000","1,374,000","1,979,000","37,537,000","41,835,000","50,830,000","50,831,000","79,210,000","79,194,000","80,413,000","82,955,000",,,,,,,"5,413,000",,"1,700,000","1,400,000","900,000","700,000",,,,
		DepreciationAndAmortizationInIncomeStatement,,,,,,,,,,,,,,,,,,,,,,,,,,,,,,,,,,,,,,,,,,,,,,,,,,,,,,,,,,,,,,,,,,,,,"141,000","786,000","913,000","912,000","913,000","1,212,000","1,374,000","1,979,000","37,537,000","41,835,000","50,830,000","50,831,000","79,210,000","79,194,000","80,413,000","82,955,000",,,,,,,"5,413,000",,"1,700,000","1,400,000","900,000","700,000",,,,
			Amortization,,,,,,,,,,,,,,,,,,,,,,,,,,,,,,,,,,,,,,,,,,,,,,,,,,,,,,,,,,,,,,,,,,,,,"141,000","786,000","913,000","912,000","913,000","1,212,000","1,374,000","1,979,000","37,537,000","41,835,000","50,830,000","50,831,000","79,210,000","79,194,000","80,413,000","82,955,000",,,,,,,"5,413,000",,,,,,,,,
				AmortizationOfIntangiblesIncomeStatement,,,,,,,,,,,,,,,,,,,,,,,,,,,,,,,,,,,,,,,,,,,,,,,,,,,,,,,,,,,,,,,,,,,,,"141,000","786,000","913,000","912,000","913,000","1,212,000","1,374,000","1,979,000","37,537,000","41,835,000","50,830,000","50,831,000","79,210,000","79,194,000","80,413,000","82,955,000",,,,,,,"5,413,000",,,,,,,,,
	OtherOperatingExpenses,"486,000,000","62,000,000","290,000,000","70,000,000","65,000,000","55,000,000","86,000,000","-5,000,000","85,000,000","68,000,000","80,000,000","63,000,000","59,000,000","45,000,000","66,000,000","44,000,000","34,000,000","32,000,000","55,000,000","45,000,000","35,000,000","43,000,000","48,000,000","44,000,000","39,000,000","31,000,000","28,000,000","35,000,000","40,000,000","11,000,000","32,000,000","31,000,000","38,000,000","43,000,000","32,000,000","46,000,000",,"37,000,000","41,000,000","33,000,000",,"26,000,000","25,000,000","26,000,000",,"9,000,000","60,000,000","11,000,000",,"7,000,000","-45,000,000",,,,,,,,,"3,000,000",,"40,000,000","2,000,000","1,000,000",,,,,,,,,,,,,,,,"114,260,000",,,,,,,,,,,,,,,,,,,,
OperatingIncome,"19,905,000,000","6,194,000,000","5,843,000,000","3,989,000,000","3,879,000,000","3,157,000,000","3,084,000,000","4,420,000,000","3,786,000,000","3,724,000,000","2,983,000,000","1,927,000,000","2,127,000,000","347,000,000","628,000,000","1,005,000,000","1,255,000,000","575,000,000","1,285,000,000","1,071,000,000","1,109,000,000","406,000,000","464,000,000","255,000,000","590,000,000","-544,000,000","-15,000,000","146,000,000","510,000,000","-25,000,000","79,000,000","181,000,000","405,000,000","-28,000,000","107,000,000","238,000,000","302,000,000","116,000,000","242,000,000","355,000,000","503,000,000","294,000,000","295,000,000","394,000,000","578,000,000","251,000,000","159,000,000","244,000,000","249,000,000","154,000,000","217,000,000","198,000,000","280,000,000","123,000,000","116,000,000","145,000,000","207,000,000","40,000,000","47,000,000","103,000,000","165,000,000","55,000,000","104,000,000","108,000,000","162,442,000","81,274,000","86,274,000","110,435,000","137,756,000","51,931,000","41,823,000","39,225,000","65,365,000","27,112,000","1,472,000","11,748,000","19,206,000","-66,340,000","-81,190,000","-216,608,000","-338,355,000","-151,724,000","-177,928,000","-195,873,000","-404,091,000","-90,987,000","-71,921,000","-30,595,000","-67,994,000","-20,994,000","-16,996,000","-8,874,000","-9,700,000","-9,200,000","-7,000,000","-3,200,000","-13,300,000","4,200,000","2,200,000","900,000"
NetNonOperatingInterestIncomeExpense,"-1,022,000,000","-310,000,000","-268,000,000","-200,000,000","-244,000,000","-172,000,000","-168,000,000","-183,000,000","-237,000,000","-241,000,000","-249,000,000","-250,000,000","-273,000,000","-174,000,000","-99,000,000","-100,000,000","-104,000,000","-92,000,000","-92,000,000","-96,000,000","-102,000,000","-103,000,000","-102,000,000","-104,000,000","-66,000,000","-40,000,000","-34,000,000","-31,000,000","-29,000,000","-27,000,000","-24,000,000","-23,000,000","-19,000,000","-12,000,000","-11,000,000","-9,000,000","-6,000,000","-1,000,000","1,000,000","3,000,000","4,000,000","2,000,000","3,000,000","4,000,000","1,000,000","0","1,000,000","0",,,,,,,,,,,,,,,,,,,,,,,,,,,,,,,,,,,,,,,,,,,,,,,,,,,,
	InterestIncomeNonOperating,"666,000,000","118,000,000","135,000,000","202,000,000","211,000,000","224,000,000","215,000,000","183,000,000","150,000,000","117,000,000","94,000,000","80,000,000","65,000,000","54,000,000","44,000,000","39,000,000","29,000,000","26,000,000","24,000,000","21,000,000","13,000,000","13,000,000","12,000,000","11,000,000","8,000,000","9,000,000","11,000,000","11,000,000","10,000,000","9,000,000","9,000,000","10,000,000","8,000,000","10,000,000","10,000,000","12,000,000","14,000,000","16,000,000","16,000,000","15,000,000","15,000,000","13,000,000","12,000,000","11,000,000","9,000,000","7,000,000","8,000,000","12,000,000",,,,,,,,,,,,,,,,,,,,,,,,,,,,,,,,,,,,,,,,,,,,,,,,,,,,
	InterestExpenseNonOperating,"1,688,000,000","428,000,000","403,000,000","402,000,000","455,000,000","396,000,000","383,000,000","366,000,000","387,000,000","358,000,000","343,000,000","330,000,000","338,000,000","228,000,000","143,000,000","139,000,000","133,000,000","118,000,000","116,000,000","117,000,000","115,000,000","116,000,000","114,000,000","115,000,000","74,000,000","49,000,000","45,000,000","42,000,000","39,000,000","36,000,000","33,000,000","33,000,000","27,000,000","22,000,000","21,000,000","21,000,000","20,000,000","17,000,000","15,000,000","12,000,000","11,000,000","11,000,000","9,000,000","7,000,000","8,000,000","7,000,000","7,000,000","12,000,000",,,,,,,,,,,,,,,,,,,,,,,,,,,,,,,,,,,,,,,,,,,,,,,,,,,,
OtherIncomeExpense,"1,583,000,000","925,000,000","646,000,000","-406,000,000","418,000,000","-353,000,000","-27,000,000","164,000,000","-199,000,000","-93,000,000","-129,000,000","239,000,000","17,000,000","143,000,000","137,000,000","48,000,000","15,000,000","8,000,000","-14,000,000","81,000,000","-69,000,000","-56,000,000",,"-130,000,000","-95,000,000","-50,000,000","22,000,000","5,000,000","-29,000,000","9,000,000","-38,000,000","-77,000,000","-49,000,000","18,000,000","50,000,000","-145,000,000","-23,000,000","15,000,000","-18,000,000","-51,000,000","0","-4,000,000","-1,000,000","3,000,000","-108,000,000","11,000,000","19,000,000","4,000,000","28,000,000","12,000,000","33,000,000","3,000,000","-7,000,000","-3,000,000","-6,000,000","-2,000,000","-17,000,000","5,000,000","13,000,000","-4,000,000","47,000,000","-34,000,000","15,000,000","16,000,000","-23,015,000","-8,373,000","10,950,000","22,877,000","-40,633,000","-10,890,000","-56,531,000","-19,375,000","-33,391,000","-31,870,000","-65,024,000","-6,107,000","15,141,000","-74,804,000","-58,828,000","-97,462,000","-381,981,000","-64,393,000","-116,173,000","-95,057,000","90,048,000","-97,322,000","-50,553,000","-25,309,000","-24,247,000","-20,512,000",,,"800,000","700,000","400,000","100,000",,,,
	GainOnSaleOfSecurity,,,,"-406,000,000","418,000,000","-353,000,000","-27,000,000","164,000,000","-199,000,000","-93,000,000","-129,000,000","239,000,000","17,000,000","143,000,000","137,000,000","48,000,000","15,000,000","8,000,000","-14,000,000","81,000,000","-69,000,000","-56,000,000",,"-130,000,000","-95,000,000","-50,000,000","22,000,000","5,000,000","-29,000,000","9,000,000","-38,000,000","-77,000,000","-49,000,000",,,,,,,,,,,,,,,,,,,,,,,,,,,,,,,,,,,,,,,,,,,,,,,,,,,,,,,,,,,,,,,,,,,
	EarningsFromEquityInterest,,,,,,,,,,,,,,,,,,,,,,,,,,,,,,,,,,,,,,,,,,,,,,,"2,000,000","-2,000,000",,"-5,000,000","-4,000,000","-2,000,000",,,,,,,,,,,,,,,,,"0",,,"-436,000","-700,000","-557,000","-1,168,000","-1,744,000","-1,855,000","-4,982,000","-10,315,000","-13,175,000","-37,559,000","-68,321,000","-110,452,000","-88,264,000",,,,,,,,,,,,,,,,
	SpecialIncomeCharges,,,,,,,,,,,,,,,,,,,,,,,,,,,,,,,,,,"18,000,000","50,000,000","-145,000,000","-23,000,000","15,000,000","-18,000,000","-51,000,000","0","-4,000,000","-1,000,000","3,000,000","-108,000,000","11,000,000","17,000,000","6,000,000","-21,000,000","17,000,000","37,000,000","5,000,000","-6,000,000","-3,000,000","-6,000,000","-2,000,000","-30,000,000","5,000,000","13,000,000","-4,000,000","47,000,000","-34,000,000","15,000,000","16,000,000","-23,015,000","-8,373,000","10,950,000","22,877,000","-40,633,000","-10,890,000","-56,531,000","-18,939,000","-32,691,000","-31,313,000","-63,856,000","-4,363,000","16,996,000","-69,822,000","-48,513,000","-84,287,000","-344,422,000","3,928,000","-5,721,000","-6,793,000","166,817,000","-97,322,000","-50,553,000","-25,309,000","-24,247,000","-20,512,000",,,"800,000","700,000","400,000","100,000",,,,
		RestructuringAndMergernAcquisition,,,,,,,,,,,,,,,,,,,,,,,,,,,,,,,,,,,,,,,,,,,,,,,,,,,,,,,,,,,,,,,,,,,,,,,,,"-5,158,000","36,757,000",,"9,974,000","4,681,000","3,994,000","58,650,000",,,"11,791,000","2,449,000","2,019,000","-167,183,000","99,481,000","50,553,000","25,309,000",,"20,512,000",,,,,,,,,,
		OtherSpecialCharges,,,,,,,,,,,,,,,,,,,,,,,,,,,,,,,,,,,,,,,,,,,,,,,,,,,,,,,,,,,,,,,,,,,,,,,,,"37,849,000","-5,444,000",,"-5,611,000","-21,677,000","65,828,000","-10,137,000",,,"-15,719,000","3,272,000","4,774,000","366,000","-2,159,000",,,,,,,,,,,,,,
	OtherNonOperatingIncomeExpenses,"1,583,000,000","925,000,000","646,000,000","-406,000,000","418,000,000","-353,000,000","-27,000,000","164,000,000","-199,000,000","-93,000,000","-129,000,000","239,000,000","17,000,000","143,000,000","137,000,000","48,000,000","15,000,000","8,000,000","-14,000,000","81,000,000","-69,000,000","-56,000,000",,"-130,000,000","-95,000,000","-50,000,000","22,000,000","5,000,000","-29,000,000","9,000,000","-38,000,000","-77,000,000","-49,000,000",,,,,,,,,,,,,,,,,,,,,,,,,,,,,,,,,,,,,,,,,,,,,,,,,,,,,,,,,,,,,,,,,,,
PretaxIncome,"20,466,000,000","6,809,000,000","6,221,000,000","3,383,000,000","4,053,000,000","2,632,000,000","2,889,000,000","4,401,000,000","3,350,000,000","3,390,000,000","2,605,000,000","1,916,000,000","1,871,000,000","316,000,000","666,000,000","953,000,000","1,166,000,000","491,000,000","1,179,000,000","1,056,000,000","938,000,000","247,000,000","362,000,000","21,000,000","429,000,000","-634,000,000","-27,000,000","120,000,000","452,000,000","-43,000,000","17,000,000","81,000,000","337,000,000","-22,000,000","146,000,000","84,000,000","273,000,000","130,000,000","225,000,000","307,000,000","507,000,000","292,000,000","297,000,000","401,000,000","471,000,000","262,000,000","179,000,000","248,000,000","303,000,000","182,000,000","208,000,000","207,000,000","281,000,000","124,000,000","111,000,000","144,000,000","188,000,000","38,000,000","54,000,000","96,000,000","161,000,000","51,000,000","108,000,000","108,000,000",,,,,,,,,,,,,,,,,,,,,,,,,,,,,,,,,,,,
TaxProvision,"3,084,000,000","569,000,000","984,000,000","744,000,000","786,000,000","494,000,000","257,000,000","836,000,000","327,000,000","508,000,000","74,000,000","287,000,000","14,000,000","58,000,000","467,000,000","229,000,000","413,000,000","229,000,000","307,000,000","475,000,000","452,000,000","161,000,000","266,000,000","71,000,000","205,000,000","-205,000,000","94,000,000","73,000,000","179,000,000","-12,000,000","13,000,000","-18,000,000","194,000,000","83,000,000","109,000,000","43,000,000","86,000,000","67,000,000","49,000,000","89,000,000","85,000,000","79,000,000","88,000,000","100,000,000","84,000,000","60,000,000","39,000,000","69,000,000","80,000,000","59,000,000","46,000,000","62,000,000","74,000,000","44,000,000","33,000,000","33,000,000","91,000,000","19,000,000","32,000,000","45,000,000","-38,000,000","21,000,000","56,000,000","56,000,000",,,,,,,,,,,,,,,,,,,,,,,,,,,,,,,,,,,,
EarningsFromEquityInterestNetOfTax,"-5,000,000","91,000,000","6,000,000","-104,000,000","1,000,000","-4,000,000","-7,000,000","-4,000,000","4,000,000","1,000,000","3,000,000",,"0","-2,000,000","-2,000,000","0","-4,000,000","-10,000,000","-15,000,000","-68,000,000","-4,000,000","-7,000,000","-4,000,000","-7,000,000","-10,000,000","-8,000,000","-5,000,000","61,000,000","-33,000,000","-10,000,000","-11,000,000","-17,000,000","-45,000,000","-169,000,000","-30,000,000","89,000,000","-10,000,000","0","15,000,000","-17,000,000","-6,000,000","18,000,000","-2,000,000","-2,000,000","-3,000,000","-3,000,000",,,,,,,,,,,,,,,,,,,,,,,,,,,,,,,,,,,,,,,,,,,,,,,,,,,,,,
NetIncomeCommonStockholders,"17,377,000,000","6,331,000,000","5,243,000,000","2,535,000,000","3,268,000,000","2,134,000,000","2,625,000,000","3,561,000,000","3,027,000,000","2,883,000,000","2,534,000,000","1,629,000,000","1,857,000,000","256,000,000","197,000,000","724,000,000","749,000,000","252,000,000","857,000,000","513,000,000","482,000,000","79,000,000","92,000,000","-57,000,000","214,000,000","-437,000,000","-126,000,000","108,000,000","240,000,000","-41,000,000","-7,000,000","82,000,000","98,000,000","-274,000,000","7,000,000","130,000,000","177,000,000","63,000,000","191,000,000","201,000,000","416,000,000","231,000,000","207,000,000","299,000,000","384,000,000","199,000,000","142,000,000","177,000,000","225,000,000","118,000,000","158,000,000","143,000,000","207,000,000","80,000,000","78,000,000","111,000,000","97,000,000","19,000,000","22,000,000","51,000,000","199,000,000","30,000,000","52,000,000","78,000,000","346,688,000","54,147,000","76,480,000","111,136,000","73,154,000","15,563,000","-43,314,000","-10,121,000","2,651,000","-35,080,000","-93,553,000","-23,150,000","5,087,000","-169,874,000","-168,359,000","-234,131,000","-545,140,000","-240,524,000","-317,184,000","-308,425,000","-323,213,000","-197,080,000","-138,008,000","-61,667,000","-46,427,000","-45,171,000","-21,226,000","-9,259,000","-9,300,000","-8,500,000","-6,700,000","-3,000,000","-2,300,000","-2,400,000","-800,000","-300,000"
	NetIncome,"17,377,000,000","6,331,000,000","5,243,000,000","2,535,000,000","3,268,000,000","2,134,000,000","2,625,000,000","3,561,000,000","3,027,000,000","2,883,000,000","2,534,000,000","1,629,000,000","1,857,000,000","256,000,000","197,000,000","724,000,000","749,000,000","252,000,000","857,000,000","513,000,000","482,000,000","79,000,000","92,000,000","-57,000,000","214,000,000","-437,000,000","-126,000,000","108,000,000","240,000,000","-41,000,000","-7,000,000","82,000,000","98,000,000","-274,000,000","7,000,000","130,000,000","177,000,000","63,000,000","191,000,000","201,000,000","416,000,000","231,000,000","207,000,000","299,000,000","384,000,000","199,000,000","142,000,000","177,000,000","225,000,000","118,000,000","158,000,000","143,000,000","207,000,000","80,000,000","78,000,000","111,000,000","97,000,000","19,000,000","22,000,000","51,000,000","199,000,000","30,000,000","52,000,000","78,000,000","346,688,000","54,147,000","76,480,000","111,136,000","73,154,000","15,563,000","-43,314,000","-10,121,000","2,651,000","-35,080,000","-93,553,000","-23,150,000","5,087,000","-169,874,000","-168,359,000","-234,131,000","-545,140,000","-240,524,000","-317,184,000","-308,425,000","-323,213,000","-197,080,000","-138,008,000","-61,667,000","-46,427,000","-45,171,000","-21,226,000","-9,259,000","-9,300,000","-8,500,000","-6,700,000","-3,000,000","-2,300,000","-2,400,000","-800,000","-300,000"
		NetIncomeIncludingNoncontrollingInterests,"17,377,000,000","6,331,000,000","5,243,000,000","2,535,000,000","3,268,000,000","2,134,000,000","2,625,000,000","3,561,000,000","3,027,000,000","2,883,000,000","2,534,000,000","1,629,000,000","1,857,000,000","256,000,000","197,000,000","724,000,000","749,000,000","252,000,000","857,000,000","513,000,000","482,000,000","79,000,000","92,000,000","-57,000,000","214,000,000","-437,000,000","-126,000,000","108,000,000","240,000,000","-41,000,000","-7,000,000","82,000,000","98,000,000","-274,000,000","7,000,000","130,000,000","177,000,000","63,000,000","191,000,000","201,000,000","416,000,000","231,000,000","207,000,000","299,000,000","384,000,000","199,000,000","142,000,000","177,000,000","225,000,000","118,000,000","158,000,000","143,000,000","207,000,000","80,000,000","78,000,000","111,000,000","97,000,000","19,000,000","22,000,000","51,000,000","199,000,000","30,000,000","52,000,000","78,000,000","346,688,000","54,147,000","76,480,000","111,136,000","73,154,000","15,563,000","-43,314,000","-10,121,000","2,651,000","-35,080,000","-93,553,000","-23,150,000","5,087,000","-169,874,000","-168,359,000","-234,131,000","-545,140,000","-240,524,000","-317,184,000","-308,425,000","-323,213,000","-197,080,000","-138,008,000","-61,667,000","-46,427,000","-45,171,000","-21,226,000","-9,259,000","-9,300,000","-8,500,000","-6,700,000","-3,000,000","-2,300,000","-2,400,000","-800,000","-300,000"
			NetIncomeContinuousOperations,"17,377,000,000","6,331,000,000","5,243,000,000","2,535,000,000","3,268,000,000","2,134,000,000","2,625,000,000","3,561,000,000","3,027,000,000","2,883,000,000","2,534,000,000","1,629,000,000","1,857,000,000","256,000,000","197,000,000","724,000,000","749,000,000","252,000,000","857,000,000","513,000,000","482,000,000","79,000,000","92,000,000","-57,000,000","214,000,000","-437,000,000","-126,000,000","108,000,000","240,000,000","-41,000,000","-7,000,000","82,000,000","98,000,000","-274,000,000","7,000,000","130,000,000","177,000,000","63,000,000","191,000,000","201,000,000","416,000,000","231,000,000","207,000,000","299,000,000","384,000,000","199,000,000","142,000,000","177,000,000","225,000,000","118,000,000","158,000,000","143,000,000","207,000,000","80,000,000","78,000,000","111,000,000","97,000,000","19,000,000","22,000,000","51,000,000","199,000,000","30,000,000","52,000,000","52,000,000","346,688,000","54,147,000","76,480,000","111,136,000","73,154,000","15,563,000","-43,314,000","-10,121,000","2,651,000","-35,080,000","-93,553,000","-23,951,000","5,087,000","-169,874,000","-168,359,000","-223,608,000","-545,140,000","-240,524,000","-317,184,000","-308,425,000","-323,213,000","-197,080,000","-138,008,000","-61,667,000","-46,427,000","-45,171,000","-21,226,000","-9,259,000","-9,300,000","-8,500,000","-6,700,000","-3,000,000","-2,300,000","-2,400,000","-800,000","-300,000"
			NetIncomeExtraordinary,,,,,,,,,,,,,,,,,,,,,,,,,,,,,,,,,,,,,,,,,,,,,,,,,,,,,,,,,,,,,"0",,,"26,000,000",,,,,,,,,"0",,,"801,000","0",,,"-10,523,000",,,,,,,,,,,,,,,,,,,,
DilutedNIAvailtoComStockholders,"17,377,000,000","6,331,000,000","5,243,000,000","2,535,000,000","3,268,000,000","2,134,000,000","2,625,000,000","3,561,000,000","3,027,000,000","2,883,000,000","2,534,000,000","1,629,000,000","1,857,000,000","256,000,000","197,000,000","724,000,000","749,000,000","252,000,000","857,000,000","513,000,000","482,000,000","79,000,000","92,000,000","-57,000,000","214,000,000","-437,000,000","-126,000,000","108,000,000","240,000,000","-41,000,000","-7,000,000","82,000,000","98,000,000","-274,000,000","7,000,000","130,000,000","177,000,000","63,000,000","191,000,000","201,000,000","416,000,000","231,000,000","207,000,000","299,000,000","384,000,000","199,000,000","142,000,000","177,000,000","225,000,000","118,000,000","158,000,000","143,000,000","207,000,000","80,000,000","78,000,000","111,000,000","97,000,000","19,000,000","22,000,000","51,000,000","199,000,000","30,000,000","52,000,000","78,000,000","346,688,000","54,147,000","76,480,000","111,136,000","73,154,000","15,563,000","-43,314,000","-10,121,000","2,651,000","-35,080,000","-93,553,000","-23,150,000","5,087,000","-169,874,000","-168,359,000","-234,131,000","-545,140,000","-240,524,000","-317,184,000","-308,425,000","-323,213,000","-197,080,000","-138,008,000","-61,667,000","-46,427,000","-45,171,000","-21,226,000","-9,259,000","-9,300,000","-8,500,000","-6,700,000","-3,000,000","-2,300,000","-2,400,000","-800,000","-300,000"
BasicEPS,,,"10.5","5.09","6.58","4.31","5.32","7.24","6.18","5.91","5.21","3.36","3.85","0.53","0.41","1.52","1.57","0.53","1.81","1.09","1.03","0.17","0.2","-0.12","0.46","-0.95","-0.27","0.23","0.52","-0.09","-0.02","0.18","0.21","-0.6","0.02","0.29",,"0.14","0.42","0.44",,"0.51","0.46","0.67",,"0.46","0.33","0.41",,"0.28","0.38","0.34",,"0.19","0.19","0.27",,"0.05","0.05","0.12",,"0.07","0.13","0.19",,"0.13","0.19","0.28",,"0.04","-0.11","-0.03",,"-0.09","-0.25","-0.06",,"-0.46","-0.47","-0.66",,"-0.68","-0.91","-0.9",,"-0.59","-0.43","-0.2",,"-0.15","-0.08","-0.04",,"-0.03","-0.03","-0.02",,"-0.01","-0.01","-0.001"
DilutedEPS,,,"10.3","5.01","6.47","4.23","5.22","7.09","6.04","5.75","5.07","3.27","3.75","0.52","0.4","1.48","1.54","0.52","1.78","1.07","1","0.17","0.19","-0.12","0.45","-0.95","-0.27","0.23","0.51","-0.09","-0.02","0.18","0.21","-0.6","0.01","0.28",,"0.14","0.41","0.44",,"0.51","0.45","0.66",,"0.45","0.32","0.41",,"0.27","0.37","0.34",,"0.19","0.19","0.26",,"0.05","0.05","0.12",,"0.07","0.12","0.18",,"0.13","0.18","0.26",,"0.037","-0.11","-0.03",,"-0.09","-0.25","-0.06",,"-0.46","-0.47","-0.66",,"-0.68","-0.91","-0.9",,"-0.59","-0.43","-0.2",,"-0.15","-0.08","-0.04",,"-0.03","-0.03","-0.02",,"-0.01","-0.01","-0.001"
BasicAverageShares,,,"500,000,000","498,000,000","496,000,000","495,000,000","493,000,000","491,000,000","490,000,000","488,000,000","486,000,000","484,000,000","483,000,000","481,000,000","479,000,000","477,000,000","476,000,000","474,000,000","473,000,000","471,000,000","470,000,000","468,000,000","467,000,000","465,000,000","464,000,000","463,000,000","461,000,000","460,000,000","458,000,000","457,000,000","456,000,000","455,000,000","454,000,000","452,000,000","451,000,000","453,000,000",,"454,000,000","453,000,000","451,000,000",,"448,000,000","447,000,000","445,000,000",,"432,000,000","431,000,000","429,000,000",,"427,000,000","420,000,000","417,000,000",,"414,000,000","412,000,000","412,000,000",,"417,000,000","418,000,000","417,000,000",,"413,000,000","411,000,000","410,000,000",,"406,647,000","405,268,000","403,542,000",,"397,912,000","393,876,000","388,541,000",,"379,650,000","376,937,000","373,031,000",,"368,052,000","359,752,000","357,424,000",,"353,954,000","349,886,000","343,884,000",,"332,488,000","322,340,000","313,794,000",,"50,234,000","47,977,000","46,622,000",,"283,333,333","223,333,333","286,594,000",,"240,000,000","80,000,000","301,666,667"
DilutedAverageShares,,,"509,000,000","506,000,000","505,000,000","504,000,000","503,000,000","502,000,000","501,000,000","501,000,000","500,000,000","498,000,000","496,000,000","494,000,000","492,000,000","490,000,000","486,000,000","485,000,000","483,000,000","481,000,000","481,000,000","478,000,000","476,000,000","465,000,000","472,000,000","463,000,000","461,000,000","468,000,000","467,000,000","457,000,000","456,000,000","463,000,000","461,000,000","460,000,000","458,000,000","460,000,000",,"461,000,000","460,000,000","459,000,000",,"456,000,000","455,000,000","454,000,000",,"441,000,000","440,000,000","437,000,000",,"436,000,000","430,000,000","426,000,000",,"425,000,000","423,000,000","420,000,000",,"424,000,000","426,000,000","426,000,000",,"428,000,000","425,000,000","423,000,000",,"424,777,000","424,678,000","424,519,000",,"422,802,000","393,876,000","388,541,000",,"379,650,000","376,937,000","373,031,000",,"368,052,000","359,752,000","357,424,000",,"353,954,000","349,886,000","343,884,000",,"332,488,000","322,340,000","313,794,000",,"50,234,000","47,977,000","46,622,000",,"283,333,333","223,333,333","286,594,000",,"240,000,000","80,000,000","301,666,667"
TotalOperatingIncomeAsReported,"19,905,000,000","6,194,000,000","5,843,000,000","3,989,000,000","3,879,000,000","3,157,000,000","3,084,000,000","4,420,000,000","3,786,000,000","3,724,000,000","2,983,000,000","1,927,000,000","2,127,000,000","347,000,000","628,000,000","1,005,000,000","1,255,000,000","575,000,000","1,285,000,000","1,071,000,000","1,109,000,000","406,000,000","464,000,000","255,000,000","590,000,000","-544,000,000","-15,000,000","146,000,000","510,000,000","-25,000,000","79,000,000","181,000,000","405,000,000","-28,000,000","107,000,000","192,000,000","260,000,000","79,000,000","201,000,000","322,000,000","474,000,000","268,000,000","270,000,000","394,000,000","476,000,000","251,000,000","159,000,000","244,000,000","273,000,000","154,000,000","217,000,000","198,000,000","271,000,000","123,000,000","116,000,000","145,000,000","197,000,000","40,000,000","47,000,000","106,000,000","165,000,000","55,000,000","104,000,000","108,000,000","162,442,000","81,274,000","86,274,000","110,435,000","137,616,000","51,931,000","41,823,000","39,225,000","70,523,000","-9,645,000","1,472,000","1,774,000","14,525,000","-70,334,000","-139,840,000","-216,608,000","-322,096,000","-163,515,000","-180,377,000","-197,892,000","-236,908,000","-190,468,000","-122,474,000","-55,904,000","-42,069,000","-41,506,000","-16,996,000","-8,874,000","-9,700,000","-9,200,000","-7,000,000","-3,200,000",,,,
TotalExpenses,"328,040,000,000","89,951,000,000","83,069,000,000","71,463,000,000","83,557,000,000","66,824,000,000","60,320,000,000","55,280,000,000","68,597,000,000","52,852,000,000","49,903,000,000","49,115,000,000","58,326,000,000","43,397,000,000","37,327,000,000","34,709,000,000","42,486,000,000","32,139,000,000","29,119,000,000","28,057,000,000","34,638,000,000","24,952,000,000","22,721,000,000","22,462,000,000","28,739,000,000","21,123,000,000","19,355,000,000","19,595,000,000","25,077,000,000","17,117,000,000","15,625,000,000","15,889,000,000","20,863,000,000","13,834,000,000","12,727,000,000","12,947,000,000","17,129,000,000","10,760,000,000","9,671,000,000","9,502,000,000","12,444,000,000","7,266,000,000","6,271,000,000","6,737,000,000","8,942,000,000","5,198,000,000","4,492,000,000","4,645,000,000","6,454,000,000","4,110,000,000","3,846,000,000","3,937,000,000","5,392,000,000","3,139,000,000","2,770,000,000","2,870,000,000","3,779,000,000","2,267,000,000","2,092,000,000","2,176,000,000","2,812,000,000","1,803,000,000","1,649,000,000","1,794,000,000","2,378,517,000","1,381,201,000","1,301,067,000","1,419,914,000","1,808,016,000","1,082,525,000","1,058,089,000","1,044,334,000","1,363,245,000","824,187,000","804,133,000","835,674,000","1,095,965,000","705,621,000","748,815,000","916,964,000","1,310,715,000","789,582,000","755,804,000","769,762,000","1,080,133,000","446,764,000","386,298,000","324,238,000","320,887,000","174,692,000","132,973,000","96,249,000","75,800,000","47,100,000","34,900,000","19,200,000",,,,
NetIncomeFromContinuingAndDiscontinuedOperation,"17,377,000,000","6,331,000,000","5,243,000,000","2,535,000,000","3,268,000,000","2,134,000,000","2,625,000,000","3,561,000,000","3,027,000,000","2,883,000,000","2,534,000,000","1,629,000,000","1,857,000,000","256,000,000","197,000,000","724,000,000","749,000,000","252,000,000","857,000,000","513,000,000","482,000,000","79,000,000","92,000,000","-57,000,000","214,000,000","-437,000,000","-126,000,000","108,000,000","240,000,000","-41,000,000","-7,000,000","82,000,000","98,000,000","-274,000,000","7,000,000","130,000,000","177,000,000","63,000,000","191,000,000","201,000,000","416,000,000","231,000,000","207,000,000","299,000,000","384,000,000","199,000,000","142,000,000","177,000,000","225,000,000","118,000,000","158,000,000","143,000,000","207,000,000","80,000,000","78,000,000","111,000,000","97,000,000","19,000,000","22,000,000","51,000,000","199,000,000","30,000,000","52,000,000","52,000,000","346,688,000","54,147,000","76,480,000","111,136,000","73,154,000","15,563,000","-43,314,000","-10,121,000","2,651,000","-35,080,000","-93,553,000","-23,951,000","5,087,000","-169,874,000","-168,359,000","-223,608,000","-545,140,000","-240,524,000","-317,184,000","-308,425,000","-323,213,000","-197,080,000","-138,008,000","-61,667,000","-46,427,000","-45,171,000","-21,226,000","-9,259,000","-9,300,000","-8,500,000","-6,700,000","-3,000,000","-2,300,000","-2,400,000","-800,000","-300,000"
NormalizedIncome,"17,377,000,000","6,331,000,000","5,243,000,000","2,535,000,000","3,268,000,000","2,134,000,000","2,625,000,000","3,561,000,000","3,027,000,000","2,883,000,000","2,534,000,000","1,629,000,000","1,857,000,000","256,000,000","197,000,000","724,000,000","749,000,000","252,000,000","857,000,000","513,000,000","482,000,000","79,000,000","92,000,000","-57,000,000","214,000,000","-437,000,000","-126,000,000","108,000,000","240,000,000","-41,000,000","-7,000,000","82,000,000","98,000,000","-285,700,000","-25,500,000","224,250,000","192,754,578.755","53,250,000","205,080,000","237,214,983.713","416,000,000","233,917,808.219","207,703,703.704","296,748,129.676","472,738,853.503","190,519,083.969","128,703,910.615","172,669,354.839","240,455,445.545","106,510,989.011","129,182,692.308","139,497,584.541","211,419,928.826","81,935,483.871","82,216,216.216","112,541,666.667","115,000,000","16,000,000","14,200,000","53,400,000","170,800,000","50,400,000","43,000,000","42,400,000","360,497,000","59,170,800","69,910,000","97,409,800","97,533,800","22,097,000","-9,395,400","1,242,400","22,265,600","-16,292,200","-55,239,400","-21,333,200","-5,110,600","-127,980,800","-139,251,200","-173,035,800","-338,486,800","-242,880,800","-313,751,400","-304,349,200","-423,303,200","-138,686,800","-107,676,200","-46,481,600","-31,878,800","-32,863,800","-21,226,000","-9,259,000","-9,780,000","-8,920,000","-6,940,000","-3,060,000","-2,300,000","-2,400,000","-800,000","-300,000"
InterestIncome,"666,000,000","118,000,000","135,000,000","202,000,000","211,000,000","224,000,000","215,000,000","183,000,000","150,000,000","117,000,000","94,000,000","80,000,000","65,000,000","54,000,000","44,000,000","39,000,000","29,000,000","26,000,000","24,000,000","21,000,000","13,000,000","13,000,000","12,000,000","11,000,000","8,000,000","9,000,000","11,000,000","11,000,000","10,000,000","9,000,000","9,000,000","10,000,000","8,000,000","10,000,000","10,000,000","12,000,000","14,000,000","16,000,000","16,000,000","15,000,000","15,000,000","13,000,000","12,000,000","11,000,000","9,000,000","7,000,000","8,000,000","12,000,000",,,,,,,,,,,,,,,,,,,,,,,,,,,,,,,,,,,,,,,,,,,,,,,,,,,,
InterestExpense,"1,688,000,000","428,000,000","403,000,000","402,000,000","455,000,000","396,000,000","383,000,000","366,000,000","387,000,000","358,000,000","343,000,000","330,000,000","338,000,000","228,000,000","143,000,000","139,000,000","133,000,000","118,000,000","116,000,000","117,000,000","115,000,000","116,000,000","114,000,000","115,000,000","74,000,000","49,000,000","45,000,000","42,000,000","39,000,000","36,000,000","33,000,000","33,000,000","27,000,000","22,000,000","21,000,000","21,000,000","20,000,000","17,000,000","15,000,000","12,000,000","11,000,000","11,000,000","9,000,000","7,000,000","8,000,000","7,000,000","7,000,000","12,000,000",,,,,,,,,,,,,,,,,,,,,,,,,,,,,,,,,,,,,,,,,,,,,,,,,,,,
NetInterestIncome,"-1,022,000,000","-310,000,000","-268,000,000","-200,000,000","-244,000,000","-172,000,000","-168,000,000","-183,000,000","-237,000,000","-241,000,000","-249,000,000","-250,000,000","-273,000,000","-174,000,000","-99,000,000","-100,000,000","-104,000,000","-92,000,000","-92,000,000","-96,000,000","-102,000,000","-103,000,000","-102,000,000","-104,000,000","-66,000,000","-40,000,000","-34,000,000","-31,000,000","-29,000,000","-27,000,000","-24,000,000","-23,000,000","-19,000,000","-12,000,000","-11,000,000","-9,000,000","-6,000,000","-1,000,000","1,000,000","3,000,000","4,000,000","2,000,000","3,000,000","4,000,000","1,000,000","0","1,000,000","0",,,,,,,,,,,,,,,,,,,,,,,,,,,,,,,,,,,,,,,,,,,,,,,,,,,,
EBIT,"22,154,000,000","7,237,000,000","6,624,000,000","3,785,000,000","4,508,000,000","3,028,000,000","3,272,000,000","4,767,000,000","3,737,000,000","3,748,000,000","2,948,000,000","2,246,000,000","2,209,000,000","544,000,000","809,000,000","1,092,000,000","1,299,000,000","609,000,000","1,295,000,000","1,173,000,000","1,053,000,000","363,000,000","476,000,000","136,000,000","503,000,000","-585,000,000","18,000,000","162,000,000","491,000,000","-7,000,000","50,000,000","114,000,000","364,000,000","0","167,000,000","105,000,000","293,000,000","147,000,000","240,000,000","319,000,000","518,000,000","303,000,000","306,000,000","408,000,000","479,000,000","269,000,000","186,000,000","260,000,000","403,000,000","154,000,000","217,000,000","198,000,000","353,000,000","123,000,000","116,000,000","145,000,000","263,000,000","40,000,000","47,000,000","103,000,000","165,000,000","55,000,000","104,000,000","108,000,000","162,442,000","81,274,000","86,274,000","110,435,000","137,756,000","51,931,000","41,823,000","39,225,000","65,365,000","27,112,000","1,472,000","11,748,000","19,206,000","-66,340,000","-81,190,000","-216,608,000","-338,355,000","-151,724,000","-177,928,000","-195,873,000","-404,091,000","-90,987,000","-71,921,000","-30,595,000","-67,994,000","-20,994,000","-16,996,000","-8,874,000","-9,700,000","-9,200,000","-7,000,000","-3,200,000","-13,300,000","4,200,000","2,200,000","900,000"
EBITDA,"45,957,000,000"
ReconciledCostOfRevenue,"260,235,000,000","71,811,000,000","66,466,000,000","55,788,000,000","66,169,000,000","51,469,000,000","45,608,000,000","42,521,000,000","54,814,000,000","41,278,000,000","38,564,000,000","38,527,000,000","47,469,000,000","33,969,000,000","28,609,000,000","27,137,000,000","34,678,000,000","25,595,000,000","23,058,000,000","22,553,000,000","28,886,000,000","19,985,000,000","18,036,000,000","18,154,000,000","24,096,000,000","17,270,000,000","15,781,000,000","16,372,000,000","21,724,000,000","14,400,000,000","13,046,000,000","13,597,000,000","22,556,000,000","10,319,000,000","9,488,000,000","10,027,000,000","13,831,000,000","8,325,000,000","7,525,000,000","7,608,000,000","10,317,000,000","5,786,000,000","4,957,000,000","5,501,000,000","7,543,000,000","4,176,000,000","3,518,000,000","3,741,000,000","5,355,000,000","3,265,000,000","3,096,000,000","3,179,000,000","4,502,000,000","2,500,000,000","2,185,000,000","2,296,000,000","3,136,000,000","1,758,000,000","1,630,000,000","1,735,000,000","2,310,000,000","1,395,000,000","1,303,000,000","1,444,000,000","1,996,493,000","1,106,824,000","1,046,295,000","1,169,515,000","1,414,749,000","916,016,000","779,076,000","821,132,000","975,847,000","689,453,000","552,054,000","640,690,000","860,483,000","487,394,000","499,019,000","528,078,000","769,084,000","471,923,000","431,745,000","432,408,000","588,196,000","285,300,000","246,846,000","228,852,000","199,476,000","118,823,000","87,772,000","68,054,000","51,400,000","29,300,000","21,700,000","11,800,000",,,,
ReconciledDepreciation,"23,803,000,000","6,523,000,000","5,748,000,000","5,362,000,000","6,170,000,000","5,563,000,000","5,202,000,000","4,854,000,000","4,262,000,000","3,778,000,000","3,630,000,000","3,671,000,000","3,498,000,000","2,912,000,000","2,633,000,000","2,435,000,000","2,297,000,000","2,084,000,000","1,909,000,000","1,827,000,000","1,752,000,000","1,599,000,000","1,504,000,000","1,426,000,000","1,380,000,000","1,247,000,000","1,109,000,000","1,010,000,000","962,000,000","834,000,000","756,000,000","700,000,000","662,000,000","554,000,000","485,000,000","457,000,000","359,000,000","278,000,000","244,000,000","202,000,000","169,000,000","150,000,000","130,000,000","119,000,000","112,000,000","96,000,000","84,000,000","87,000,000","77,000,000","76,000,000","133,000,000","1,000,000","63,000,000","61,000,000","60,000,000","62,000,000","59,000,000","63,000,000","43,000,000","40,000,000","123,000,000","-57,000,000","27,000,000","28,000,000","20,831,000","68,208,000","-6,929,000","-6,386,000","104,327,000","-66,595,000","47,821,000","-7,243,000","118,517,000","-53,109,000","36,758,000","-14,414,000","18,176,000","31,530,000","39,716,000","40,512,000","58,186,000","77,850,000","90,480,000","96,302,000","242,613,000","21,398,000","12,769,000","5,338,000","-18,756,000","21,432,000","7,427,000","1,975,000","1,700,000","1,400,000","900,000","700,000",,,,
NetIncomeFromContinuingOperationNetMinorityInterest,"17,377,000,000","6,331,000,000","5,243,000,000","2,535,000,000","3,268,000,000","2,134,000,000","2,625,000,000","3,561,000,000","3,027,000,000","2,883,000,000","2,534,000,000","1,629,000,000","1,857,000,000","256,000,000","197,000,000","724,000,000","749,000,000","252,000,000","857,000,000","513,000,000","482,000,000","79,000,000","92,000,000","-57,000,000","214,000,000","-437,000,000","-126,000,000","108,000,000","240,000,000","-41,000,000","-7,000,000","82,000,000","98,000,000","-274,000,000","7,000,000","130,000,000","177,000,000","63,000,000","191,000,000","201,000,000","416,000,000","231,000,000","207,000,000","299,000,000","384,000,000","199,000,000","142,000,000","177,000,000","225,000,000","118,000,000","158,000,000","143,000,000","207,000,000","80,000,000","78,000,000","111,000,000","97,000,000","19,000,000","22,000,000","51,000,000","199,000,000","30,000,000","52,000,000","52,000,000","346,688,000","54,147,000","76,480,000","111,136,000","73,154,000","15,563,000","-43,314,000","-10,121,000","2,651,000","-35,080,000","-93,553,000","-23,951,000","5,087,000","-169,874,000","-168,359,000","-223,608,000","-545,140,000","-240,524,000","-317,184,000","-308,425,000","-323,213,000","-197,080,000","-138,008,000","-61,667,000","-46,427,000","-45,171,000","-21,226,000","-9,259,000","-9,300,000","-8,500,000","-6,700,000","-3,000,000","-2,300,000","-2,400,000","-800,000","-300,000"
TotalUnusualItemsExcludingGoodwill,,,,"-406,000,000","418,000,000","-353,000,000","-27,000,000","164,000,000","-199,000,000","-93,000,000","-129,000,000","239,000,000","17,000,000","143,000,000","137,000,000","48,000,000","15,000,000","8,000,000","-14,000,000","81,000,000","-69,000,000","-56,000,000",,"-130,000,000","-95,000,000","-50,000,000","22,000,000","5,000,000","-29,000,000","9,000,000","-38,000,000","-77,000,000","-49,000,000","18,000,000","50,000,000","-145,000,000","-23,000,000","15,000,000","-18,000,000","-51,000,000","0","-4,000,000","-1,000,000","3,000,000","-108,000,000","11,000,000","17,000,000","6,000,000","-21,000,000","17,000,000","37,000,000","5,000,000","-6,000,000","-3,000,000","-6,000,000","-2,000,000","-30,000,000","5,000,000","13,000,000","-4,000,000","47,000,000","-34,000,000","15,000,000","16,000,000","-23,015,000","-8,373,000","10,950,000","22,877,000","-40,633,000","-10,890,000","-56,531,000","-18,939,000","-32,691,000","-31,313,000","-63,856,000","-4,363,000","16,996,000","-69,822,000","-48,513,000","-84,287,000","-344,422,000","3,928,000","-5,721,000","-6,793,000","166,817,000","-97,322,000","-50,553,000","-25,309,000","-24,247,000","-20,512,000",,,"800,000","700,000","400,000","100,000",,,,
TotalUnusualItems,,,,"-406,000,000","418,000,000","-353,000,000","-27,000,000","164,000,000","-199,000,000","-93,000,000","-129,000,000","239,000,000","17,000,000","143,000,000","137,000,000","48,000,000","15,000,000","8,000,000","-14,000,000","81,000,000","-69,000,000","-56,000,000",,"-130,000,000","-95,000,000","-50,000,000","22,000,000","5,000,000","-29,000,000","9,000,000","-38,000,000","-77,000,000","-49,000,000","18,000,000","50,000,000","-145,000,000","-23,000,000","15,000,000","-18,000,000","-51,000,000","0","-4,000,000","-1,000,000","3,000,000","-108,000,000","11,000,000","17,000,000","6,000,000","-21,000,000","17,000,000","37,000,000","5,000,000","-6,000,000","-3,000,000","-6,000,000","-2,000,000","-30,000,000","5,000,000","13,000,000","-4,000,000","47,000,000","-34,000,000","15,000,000","16,000,000","-23,015,000","-8,373,000","10,950,000","22,877,000","-40,633,000","-10,890,000","-56,531,000","-18,939,000","-32,691,000","-31,313,000","-63,856,000","-4,363,000","16,996,000","-69,822,000","-48,513,000","-84,287,000","-344,422,000","3,928,000","-5,721,000","-6,793,000","166,817,000","-97,322,000","-50,553,000","-25,309,000","-24,247,000","-20,512,000",,,"800,000","700,000","400,000","100,000",,,,
NormalizedEBITDA,"45,957,000,000","13,760,000,000","12,372,000,000","9,147,000,000","10,678,000,000","8,591,000,000","8,474,000,000","9,621,000,000","7,999,000,000","7,526,000,000","6,578,000,000","5,917,000,000","5,707,000,000","3,456,000,000","3,442,000,000","3,527,000,000","3,596,000,000","2,693,000,000","3,204,000,000","3,000,000,000","2,805,000,000","1,962,000,000","1,980,000,000","1,562,000,000","1,883,000,000","662,000,000","1,127,000,000","1,172,000,000","1,453,000,000","827,000,000","806,000,000","814,000,000","1,026,000,000","536,000,000","602,000,000","707,000,000","675,000,000","410,000,000","502,000,000","572,000,000","687,000,000","457,000,000","437,000,000","524,000,000","699,000,000","354,000,000","253,000,000","341,000,000","501,000,000","213,000,000","313,000,000","194,000,000","422,000,000","187,000,000","182,000,000","209,000,000","352,000,000","98,000,000","77,000,000","147,000,000","241,000,000","89,000,000","116,000,000","120,000,000","206,288,000","157,855,000","75,324,000","87,558,000","282,716,000","63,607,000","146,175,000","59,076,000","216,573,000","59,637,000","102,086,000","18,090,000","39,747,000","45,317,000","18,153,000","-81,490,000","85,277,000","-76,458,000","-81,727,000","-92,778,000","-328,295,000","27,733,000","-8,599,000","52,000","-43,747,000","20,950,000","-9,569,000","-6,899,000","-8,800,000","-8,500,000","-6,500,000","-2,600,000","-13,300,000","4,200,000","2,200,000","900,000"
TaxRateForCalcs,"0.151","0.084","0.158","0.22","0.194","0.188","0.089","0.19","0.098","0.15","0.028","0.15","0.007","0.184","0.4","0.24","0.354","0.4","0.26","0.4","0.4","0.4","0.4","0.4","0.35","0.323","0.35","0.35","0.396","0.279","0.35","0.35","0.35","0.35","0.35","0.35","0.315","0.35","0.218","0.29","0.168","0.271","0.296","0.249","0.178","0.229","0.218","0.278","0.264","0.324","0.221","0.3","0.263","0.355","0.297","0.229","0.4","0.4","0.4","0.4","0.4","0.4","0.4","0.4","0.4","0.4","0.4","0.4","0.4","0.4","0.4","0.4","0.4","0.4","0.4","0.4","0.4","0.4","0.4","0.4","0.4","0.4","0.4","0.4","0.4","0.4","0.4","0.4","0.4","0.4","0.4","0.4","0.4","0.4","0.4","0.4","0.4","0.4","0.4","0.4"
TaxEffectOfUnusualItems,"0","0","0","0","0","0","0","0","0","0","0","0","0","0","0","0","0","0","0","0","0","0","0","0","0","0","0","0","0","0","0","0","0","6,300,000","17,500,000","-50,750,000","-7,245,421.245","5,250,000","-3,920,000","-14,785,016.287","0","-1,082,191.781","-296,296.296","748,129.676","-19,261,146.497","2,519,083.969","3,703,910.615","1,669,354.839","-5,544,554.455","5,510,989.011","8,182,692.308","1,497,584.541","-1,580,071.174","-1,064,516.129","-1,783,783.784","-458,333.333","-12,000,000","2,000,000","5,200,000","-1,600,000","18,800,000","-13,600,000","6,000,000","6,400,000","-9,206,000","-3,349,200","4,380,000","9,150,800","-16,253,200","-4,356,000","-22,612,400","-7,575,600","-13,076,400","-12,525,200","-25,542,400","-1,745,200","6,798,400","-27,928,800","-19,405,200","-33,714,800","-137,768,800","1,571,200","-2,288,400","-2,717,200","66,726,800","-38,928,800","-20,221,200","-10,123,600","-9,698,800","-8,204,800","0","0","320,000","280,000","160,000","40,000","0","0","0","0"